@article{sullivan_comprehensive_2017,
	title = {Comprehensive {Survey} and {Assessment} of {Spacecraft} {Relative} {Motion} {Dynamics} {Models}},
	volume = {40},
	issn = {0731-5090, 1533-3884},
	url = {https://arc.aiaa.org/doi/10.2514/1.G002309},
	doi = {10.2514/1.G002309},
	language = {en},
	number = {8},
	urldate = {2022-03-07},
	journal = {Journal of Guidance, Control, and Dynamics},
	author = {Sullivan, Joshua and Grimberg, Sebastian and D’Amico, Simone},
	month = aug,
	year = {2017},
	pages = {1837--1859},
	file = {Sullivan et al. - 2017 - Comprehensive Survey and Assessment of Spacecraft .pdf:/Users/ianruh/Zotero/storage/DS7B8FUB/Sullivan et al. - 2017 - Comprehensive Survey and Assessment of Spacecraft .pdf:application/pdf},
}

@article{cli_clohessy_nodate,
	title = {Clohessy - {Wiltshire} {Analysis}},
    journal = {N/A},
    year = {N/A},
    url = {http://www.dept.aoe.vt.edu/~cliff/aoe4134/c-w.pdf},
	language = {en},
	author = {Cliﬀ, Eugene M},
	pages = {4},
	file = {Cliﬀ - Clohessy - Wiltshire Analysis.pdf:/Users/ianruh/Zotero/storage/DIUQQHQG/Cliﬀ - Clohessy - Wiltshire Analysis.pdf:application/pdf},
}

@misc{eci_frame,
    title={Earth-cetered inertial frame},
    howpublished="\url{https://en.wikipedia.org/wiki/Earth-centered_inertial}",
}

@misc{rpo_repo,
    title={Rendezvous-Proximity GitHub Repo},
    howpublished="\url{https://github.com/ianruh/Rendezvous-Proximity}"
}

@misc{cppmpc_repo,
    title={CPPMPC GitHub Repo},
    howpublished="\url{https://github.com/ianruh/cppmpc}"
}

@misc{symengine_repo,
    title={SymEngine},
    howpublished="\url{https://github.com/symengine/symengine}"
}

 @misc{42,
    title={Ericstoneking/42: Simulation for spacecraft attitude control system analysis and design},
    url={https://github.com/ericstoneking/42},
    journal={GitHub},
    author={Stoneking, Eric}
} 
